=LDR  07981cas a2201693 a 4500
=001  009542959
=003  Uk
=005  20230210004921.0
=007  ta
=008  791206c19709999enkbr\p\\\\\\\0\\\a0eng\\
=FMT  \\$a  SE
=015  \\$aGB7102813$2bnb
=019  0\$as143065009
=019  y\$aB7102813
=019  9\$ab7102813
=019  c\$a2085336
=022  0\$a0020-6172$y0969-2576$202
=040  \\$aUk$beng$cUk$dUk
=041  0\$aeng$afre$ager
=042  \\$aissnuk$aukblsr
=050  00$aVM320
=082  04$a338.4762382005$221
=084  \\$aVR 40$2blsrissc
=210  0\$aInt. boat ind.
=222  \0$aInternational boat industry
=245  00$aInternational boat industry :$bwith ICOMIA bulletin.
=246  31$aRevue spécialisée de l'industrie plaisancière
=246  31$aFachzeitschrift für die Bootsindustrie
=246  31$aRivista internazionale per l'industria nautica
=246  13$aIBI,$f<Oct./Nov. 1988>-
=260  \\$aGodalming :$bBoating Communications,$c1970-
=260  2\$31998-$aCroydon :$bIPC Country & Leisure Media
=264  21$aLondon, England :$bIPC Media
=264  21$aLondon :$bTime Inc. (UK) Ltd
=264  31$aGodalming, Surrey, United Kingdom :$bBoating Communications Ltd
=300  \\$bill. (some col.) ;$c28-30 cm.
=310  \\$aBimonthly,$b2016-
=321  \\$aSeven issues yearly,$b2007-2015
=321  \\$aBimonthly,$b<-2006
=336  \\$atext$2rdacontent
=337  \\$aunmediated$2rdamedia
=338  \\$avolume$2rdacarrier
=362  0\$aDec. 1970-
=525  \\$aSupplements accompany some issues.
=546  \\$aParallel text in English, French and German, 1970- ; English only, <2013- >.
=588  \\$aLatest issue consulted: issue 419 (April/May 2017).
=595  \\$aCONTD AS 4359.9665N.
=540  \\$aCurrent Copyright Fee: GBP25.00$c0$5Uk
=650  \0$aBoat-building$vPeriodicals.
=653  \\$aBoatbuilding industries$aPeriodicals
=690  7\$aManagement and Business Studies$2blcoll
=710  2\$aInternational Council of Marine Industry Associations.
=770  0\$tBoating media guide
=770  0\$tInternational yacht designers guide
=780  00$tInternational boating
=859  \\$aXLD$bdatasets
=852  71$aBritish Library$bSTI$k(TP)$hVR 40$m-E(6)$2blsrissc$3Accompanying CD-ROM
=852  41$aBritish Library$bDSC$j4537.300000
=852  71$aBritish Library$bSTI$k(P)$hVR 40$m-E(6)$2blsrissc$3Oct. 1973-***Deficient: Apr,, 1977; June, 1978; Sept., 1979; Aug., 1980; July, 1982; Mar., 1995
=945  \\$aINTERNATIONAL BOAT INDUSTRY
=959  \\$fHeld but not currently received
=963  \\$aDEC. 1970- JULY 1980 *A=1$bN$cL423:9.B.51
=985  \\$aRecord merged by DQ Team
=A02  \\$a2085336
=CAT  \\$aCONV$b00$c20040425$lBLL90$h0848
=CAT  \\$aIPL-CLA$c20120629$lBLL01$h1002
=CAT  \\$aBATCH-CLA$b00$c20120831$lBLL01$h1535
=CAT  \\$aIPL-CLA$c20120930$lBLL01$h2024
=CAT  \\$aBATCH-CLA$b00$c20121104$lBLL01$h1004
=CAT  \\$aWR13.005$c20130323$lBLL01$h1235
=CAT  \\$a8323$b40$c20130722$lBLL01$h1332
=CAT  \\$aWR13.117$c20130728$lBLL01$h1335
=CAT  \\$aWR13.117$c20130728$lBLL01$h1338
=CAT  \\$aBATCH-CLA$b00$c20140228$lBLL01$h1619
=CAT  \\$aIPL-CLA$c20140331$lBLL01$h1619
=CAT  \\$a10806$b40$c20141205$lBLL01$h1449
=CAT  \\$aBATCH-CLA$b00$c20161130$lBLL01$h1623
=CAT  \\$aIPL-CLA$c20161230$lBLL01$h1907
=CAT  \\$a11205$b40$c20170711$lBLL01$h1532
=CAT  \\$aW1606-1753$c20171028$lBLL01$h1330
=CAT  \\$aBATCH-CLA$b00$c20171130$lBLL01$h1707
=CAT  \\$aIPL-CLA$c20171231$lBLL01$h1440
=CAT  \\$aBATCH-CLA$b00$c20191129$lBLL01$h1614
=CAT  \\$aIPL-CLA$c20191231$lBLL01$h1801
=CAT  \\$aBATCH-CLA$b00$c20201126$lBLL01$h1408
=CAT  \\$aIPL-CLA$c20201231$lBLL01$h2004
=CAT  \\$aBATCH-CLA$b00$c20221130$lBLL01$h1448
=CAT  \\$aIPL-CLA$c20221231$lBLL01$h1917
=CAT  \\$aBATCH-CLA$b00$c20230209$lBLL01$h1534
=CAT  \\$aIPL-CLA$c20230210$lBLL01$h0049
=CFI  0\$aCurrent Copyright Fee: GBP25.00$c0$e09-feb-2023$fGBP25.00$g0$hC$5Uk
=CFI  2\$aBritish Library not licensed to copy$c0$e01-jan-2023$hC$iCFP Excluded$5Uk
=FIN  \\$aY
=LEO  \\$aMP10.0000291146
=LEO  \\$aMP22.0000001019
=LEO  \\$aMP3.0000000027
=LEO  \\$aMP25.0000044039
=SRC  \\$aSRI01$bbibmp25.200404.2.aa
=SRC  \\$aBNB02$bbibmp3.200404.2.aa
=SRC  \\$aDSS01$bbibmp10.200404.2.aa
=SRC  \\$aISN01$bbibmp22.200404.2.aa
=TCO  \\$aCLA$bCLA$c008
=ACF  \\$aPrevious Copyright Fee: GBP12.00$c0$e01-apr-2012$fGBP12.00$g0$hC$5Uk
=ACF  \\$aPrevious Copyright Fee: GBP12.00$c0$e01-jan-2012$fGBP12.00$g0$hC$5Uk
=ACF  \\$aPrevious Copyright Fee: GBP10.50$c0$e01-oct-2011$fGBP10.50$g0$hC$5Uk
=ACF  \\$aPrevious Copyright Fee: GBP10.50$c0$e01-jul-2011$fGBP10.50$g0$hC$5Uk
=ACF  \\$aPrevious Copyright Fee: GBP10.50$c0$e01-apr-2011$fGBP10.50$g0$hC$5Uk
=ACF  \\$aPrevious Copyright Fee: GBP10.50$c0$e01-jan-2011$fGBP10.50$g0$hC$5Uk
=ACF  \\$aPrevious Copyright Fee: GBP9.00$c0$e01-oct-2010$fGBP9.00$g0$hC$5Uk
=ACF  \\$aPrevious Copyright Fee: GBP9.00$c0$e01-jul-2010$fGBP9.00$g0$hC$5Uk
=ACF  \\$aPrevious Copyright Fee: GBP9.00$c0$e01-apr-2010$fGBP9.00$g0$hC$5Uk
=ACF  \\$aPrevious Copyright Fee: GBP9.00$c0$e01-Jan-2010$fGBP9.00$g0$hC$5Uk
=ACF  \\$aPrevious Copyright Fee: GBP6.00$c0$e01-oct-2009$fGBP6.00$g0$hC$5Uk
=ACF  \\$aPrevious Copyright Fee: GBP6.00$c0$e01-jul-2009$fGBP6.00$g0$hC$5Uk
=ACF  \\$aPrevious Copyright Fee: GBP6.00$c0$e01-apr-2009$fGBP6.00$g0$hC$5Uk
=ACF  \\$aPrevious Copyright Fee: GBP6.00$c0$e01-jan-2009$fGBP6.00$g0$hC$5Uk
=ACF  \\$aPrevious Copyright Fee: GBP6.00$c0$e01-oct-2008$fGBP6.00$g0$hC$5Uk
=ACF  \\$aPrevious Copyright Fee: GBP6.00$c0$e01-jul-2008$fGBP6.00$g0$hC$5Uk
=ACF  \\$aPrevious Copyright Fee: GBP6.00$c0$e01-apr-2008$fGBP6.00$g0$hC$5Uk
=ACF  \\$aPrevious Copyright Fee: GBP6.00$c0$e01-jan-2008$fGBP6.00$g0$hC$5Uk
=ACF  \\$aPrevious Copyright Fee: GBP5.00$c0$e01-oct-2007$fGBP5.00$g0$hC$5Uk
=ACF  \\$aPrevious Copyright Fee: GBP5.00$c0$e01-jul-2007$fGBP5.00$g0$hC$5Uk
=ACF  \\$aPrevious Copyright Fee: GBP5.00$c0$e01-apr-2007$fGBP5.00$g0$hC$5Uk
=ACF  \\$aPrevious Copyright Fee: GBP5.00$c0$e01-jan-2007$fGBP5.00$g0$hC$5Uk
=ACF  \\$aPrevious Copyright Fee: GBP5.00$c0$e01-oct-2006$fGBP5.00$g0$hC$5Uk
=ACF  \\$aPrevious Copyright Fee: GBP5.00$c0$e01-jul-2006$fGBP5.00$g0$hC$5Uk
=ACF  \\$aPrevious Copyright Fee: GBP5.00$c0$e01-apr-2006$fGBP5.00$g0$hC$5Uk
=ACF  \\$aPrevious Copyright Fee: GBP5.00$c0$e01-jan-2006$fGBP5.00$g0$hC$5Uk
=ACF  \\$aPrevious Copyright Fee: GBP5.00$c0$e01-oct-2005$fGBP5.00$g0$hC$5Uk
=ACF  \\$aPrevious Copyright Fee: GBP5.00$c0$e01-jul-2005$fGBP5.00$g0$hC$5Uk
=ACF  \\$aPrevious Copyright Fee: GBP5.00$c0$e01-apr-2005$fGBP5.00$g0$hC$5Uk
=ACF  \\$aPrevious Copyright Fee: GBP5.00$c0$e01-jan-2005$fGBP5.00$g0$hC$5Uk
=ACF  \\$aPrevious Copyright Fee: GBP5.00$c0$e01-oct-2004$fGBP5.00$g0$hC$5Uk
=ACF  \\$aPrevious copyright fee: GBP5.00$c0$e01-jul-2002$fGBP5.00$g0$hC$5Uk
=ACF  \\$aCurrent copyright fee: GBP4.40$c0$e01-jul-1998$fGBP4.40$g0$hA$5Uk
=ACF  \\$aCurrent copyright fee: GBP4.20$c0$e01-apr-1997$fGBP4.20$g0$hA$5Uk
=ACF  \\$aPrevious Copyright Fee: GBP12.00$c0$e01-jul-2012$fGBP12.00$g0$hC$5Uk
=ACF  \\$aPrevious Copyright Fee: GBP12.00$c0$e01-oct-2012$fGBP12.00$g0$hC$5Uk
=ACF  \\$aPrevious Copyright Fee: GBP12.30$c0$e01-apr-2014$fGBP12.30$g0$hC$5Uk
=ACF  \\$aPrevious Copyright Fee: GBP15.00$c0$e01-jan-2017$fGBP15.00$g0$hC$5Uk
=ACF  \\$aPrevious Copyright Fee: GBP17.50$c0$e01-jan-2018$fGBP17.50$g0$hC$5Uk
=ACF  \\$aPrevious Copyright Fee: GBP20.00$c0$e01-jan-2020$fGBP20.00$g0$hC$5Uk
=ACF  \\$aPrevious Copyright Fee: GBP22.50$c0$e01-jan-2021$fGBP22.50$g0$hC$5Uk
=LAS  \\$aIPL-CLA$b00$c20230210$lBLL01$h0049

