=LDR  06504cas a22013937i 4500
=001  007849303
=003  Uk
=005  20230210004421.0
=007  ta
=008  771001d19691985enk\x\p\\\\\\\0\\\a0eng\\
=FMT  \\$a  SE
=019  c\$a2064796
=019  0\$as132848007
=022  0\$a0305-9979$202
=030  \\$aECHMBU
=040  \\$aUk$cUk$dUk
=084  \\$aLG 30$2blsrissc
=210  0\$aElectrochemistry
=222  \0$aElectrochemistry
=245  00$aElectrochemistry.
=246  13$aSpecialist periodical report. Electrochemistry
=260  \\$aLondon :$bChemical Society,$c1970-
=300  \\$c23 cm.
=310  \\$aIrregular
=336  \\$atext$2rdacontent
=337  \\$aunmediated$2rdamedia
=338  \\$avolume$2rdacarrier
=362  0\$av. 1-10; 1968/69-85.
=490  1\$aSpecialist periodical reports / Chemical Society
=500  \\$a"A review of the literature."
=595  \\$aCEASED PUBLICATION.
=540  \\$aCurrent Copyright Fee: GBP40.00$c0$5Uk
=650  \0$aElectrochemistry$vPeriodicals.
=710  2\$aChemical Society (Great Britain)
=710  2\$aRoyal Society of Chemistry (Great Britain)
=776  0\$tElectrochemistry$c(Online)$x2050-9413
=830  \0$aSpecialist periodical report (Royal Society of Chemistry)
=859  \\$aXLD$bdatasets
=852  41$aBritish Library$bDSC$j3698.910000$3Vol. 1, issue 1968/1969 (1970)-v. 10 (1985)***UKRR Retained Title
=852  71$aBritish Library$bSTI$k(P)$hLG 30$m-E(16)$2blsrissc$3VOL.1, 1968/69-
=945  \\$aElectrochemistry -London-.
=959  \\$fHeld but not currently received
=963  \\$aVOL. 1, 1970- 10, 1985 *A=1$bY$cP360.C.290
=964  \\$aVOL. 1, 1968/1969- *A=1$c541$dO$eJE364
=985  \\$aTitle relaunched in 2012 (with individual volume titles) - TREATED AS MONOGRAPHS.
=A02  \\$a2064796
=CAT  \\$aCONV$b00$c20040425$lBLL90$h0702
=CAT  \\$aBATCH-CLA$b00$c20110228$lBLL01$h1535
=CAT  \\$aIPL-CLA$c20110331$lBLL01$h1429
=CAT  \\$aBATCH-CLA$b00$c20110531$lBLL01$h1637
=CAT  \\$aIPL-CLA$c20110630$lBLL01$h1510
=CAT  \\$aBATCH-CLA$b00$c20110831$lBLL01$h1755
=CAT  \\$aIPL-CLA$c20110930$lBLL01$h1508
=CAT  \\$aBATCH-CLA$b00$c20111130$lBLL01$h1209
=CAT  \\$aIPL-CLA$c20111230$lBLL01$h1707
=CAT  \\$aBATCH-CLA$b00$c20120229$lBLL01$h1611
=CAT  \\$aIPL-CLA$c20120330$lBLL01$h1354
=CAT  \\$aBATCH-CLA$b00$c20120531$lBLL01$h1704
=CAT  \\$aIPL-CLA$c20120629$lBLL01$h0950
=CAT  \\$a11316$b40$c20120817$lBLL01$h1056
=CAT  \\$aBATCH-CLA$b00$c20120831$lBLL01$h1532
=CAT  \\$aIPL-CLA$c20120930$lBLL01$h2004
=CAT  \\$aBATCH-CLA$b00$c20121103$lBLL01$h1022
=CAT  \\$a8483$b40$c20130305$lBLL01$h1142
=CAT  \\$a8483$b40$c20130305$lBLL01$h1143
=CAT  \\$aWR13.005$c20130329$lBLL01$h1214
=CAT  \\$aWR13.117$c20130718$lBLL01$h1857
=CAT  \\$aBATCH-CLA$b00$c20170228$lBLL01$h1630
=CAT  \\$aIPL-CLA$c20170331$lBLL01$h1828
=CAT  \\$aW1606-1753$c20171028$lBLL01$h1330
=CAT  \\$aBATCH-CLA$b00$c20221130$lBLL01$h1419
=CAT  \\$aIPL-CLA$c20221231$lBLL01$h1834
=CAT  \\$aBATCH-CLA$b00$c20230209$lBLL01$h1507
=CAT  \\$aIPL-CLA$c20230210$lBLL01$h0044
=CFI  0\$aCurrent Copyright Fee: GBP40.00$c0$e09-feb-2023$fGBP40.00$g0$hC$5Uk
=CFI  2\$aBritish Library not licensed to copy$c0$e01-jan-2023$hC$iCFP Excluded$5Uk
=FIN  \\$aY
=LEO  \\$aMP22.0000018779
=LEO  \\$aMP25.0000034863
=LEO  \\$aMP10.0000205549
=SRC  \\$aISN01$bbibmp22.200404.2.aa
=SRC  \\$aSRI01$bbibmp25.200404.2.aa
=SRC  \\$aDSS01$bbibmp10.200404.2.aa
=TCO  \\$aCLA$bCLA$c008
=ACF  \\$aPrevious Copyright Fee: GBP1.15$c0$e01-apr-2012$fGBP1.15$g0$hC$5Uk
=ACF  \\$aPrevious Copyright Fee: GBP1.15$c0$e01-jan-2012$fGBP1.15$g0$hC$5Uk
=ACF  \\$aPrevious Copyright Fee: GBP1.10$c0$e01-oct-2011$fGBP1.10$g0$hC$5Uk
=ACF  \\$aPrevious Copyright Fee: GBP1.10$c0$e01-jul-2011$fGBP1.10$g0$hC$5Uk
=ACF  \\$aPrevious Copyright Fee: GBP1.10$c0$e01-apr-2011$fGBP1.10$g0$hC$5Uk
=ACF  \\$aPrevious Copyright Fee: GBP1.10$c0$e01-jan-2011$fGBP1.10$g0$hC$5Uk
=ACF  \\$aPrevious Copyright Fee: GBP1.10$c0$e01-oct-2010$fGBP1.10$g0$hC$5Uk
=ACF  \\$aPrevious Copyright Fee: GBP1.10$c0$e01-jul-2010$fGBP1.10$g0$hC$5Uk
=ACF  \\$aPrevious Copyright Fee: GBP1.10$c0$e01-apr-2010$fGBP1.10$g0$hC$5Uk
=ACF  \\$aPrevious Copyright Fee: GBP1.10$c0$e01-Jan-2010$fGBP1.10$g0$hC$5Uk
=ACF  \\$aPrevious Copyright Fee: GBP8.80$c0$e01-oct-2009$fGBP8.80$g0$hC$5Uk
=ACF  \\$aPrevious Copyright Fee: GBP8.80$c0$e01-jul-2009$fGBP8.80$g0$hC$5Uk
=ACF  \\$aPrevious Copyright Fee: GBP8.80$c0$e01-apr-2009$fGBP8.80$g0$hC$5Uk
=ACF  \\$aPrevious Copyright Fee: GBP8.80$c0$e01-jan-2009$fGBP8.80$g0$hC$5Uk
=ACF  \\$aPrevious Copyright Fee: GBP8.80$c0$e01-oct-2008$fGBP8.80$g0$hC$5Uk
=ACF  \\$aPrevious Copyright Fee: GBP8.80$c0$e01-jul-2008$fGBP8.80$g0$hC$5Uk
=ACF  \\$aPrevious Copyright Fee: GBP8.80$c0$e01-apr-2008$fGBP8.80$g0$hC$5Uk
=ACF  \\$aPrevious Copyright Fee: GBP8.80$c0$e01-jan-2008$fGBP8.80$g0$hC$5Uk
=ACF  \\$aPrevious Copyright Fee: GBP8.00$c0$e01-oct-2007$fGBP8.00$g0$hC$5Uk
=ACF  \\$aPrevious Copyright Fee: GBP8.00$c0$e01-jul-2007$fGBP8.00$g0$hC$5Uk
=ACF  \\$aPrevious Copyright Fee: GBP8.00$c0$e01-apr-2007$fGBP8.00$g0$hC$5Uk
=ACF  \\$aPrevious Copyright Fee: GBP8.00$c0$e01-jan-2007$fGBP8.00$g0$hC$5Uk
=ACF  \\$aPrevious Copyright Fee: GBP8.00$c0$e01-oct-2006$fGBP8.00$g0$hC$5Uk
=ACF  \\$aPrevious Copyright Fee: GBP8.00$c0$e01-jul-2006$fGBP8.00$g0$hC$5Uk
=ACF  \\$aPrevious Copyright Fee: GBP8.00$c0$e01-apr-2006$fGBP8.00$g0$hC$5Uk
=ACF  \\$aPrevious Copyright Fee: GBP8.00$c0$e01-jan-2006$fGBP8.00$g0$hC$5Uk
=ACF  \\$aPrevious Copyright Fee: GBP8.00$c0$e01-oct-2005$fGBP8.00$g0$hC$5Uk
=ACF  \\$aPrevious Copyright Fee: GBP8.00$c0$e01-jul-2005$fGBP8.00$g0$hC$5Uk
=ACF  \\$aPrevious copyright fee: GBP5.00$c0$e01-jul-2002$fGBP5.00$g0$hA$5Uk
=ACF  \\$aCurrent copyright fee: GBP4.40$c0$e01-jul-1998$fGBP4.40$g0$hA$5Uk
=ACF  \\$aCurrent copyright fee: GBP4.20$c0$e01-apr-1997$fGBP4.20$g0$hA$5Uk
=ACF  \\$aPrevious Copyright Fee: GBP1.15$c0$e01-jul-2012$fGBP1.15$g0$hC$5Uk
=ACF  \\$aPrevious Copyright Fee: GBP1.15$c0$e01-oct-2012$fGBP1.15$g0$hC$5Uk
=ACF  \\$aPrevious Copyright Fee: GBP40.00$c0$e01-apr-2017$fGBP40.00$g0$hC$5Uk
=LAS  \\$aIPL-CLA$b00$c20230210$lBLL01$h0044

