=LDR  02171pam a2200601 i 4500
=001  016913540
=003  Uk
=005  20150729094008.0
=008  140822s2014\\\\enkab\\\\\\\\\001\0\eng\d
=FMT  \\$a  BK
=015  \\$aGBB4C0144$2bnb
=016  7\$a016913540$2Uk
=020  \\$a9781780645322 (hbk.) :$c£95.00
=040  \\$aStDuBDS$beng$cStDuBDS$dUk$erda
=042  \\$aukblcatcopy
=082  04$a578.757$223
=245  00$aSoil carbon :$bscience, management, and policy for multiple benefits /$cedited by Steven A. Banwart, Eleanor Milne, Elke Noellemeyer.
=264  \1$aWallingford :$bCABI,$c[2015]
=300  \\$axxvii, 391 pages :$billustrations, maps ;$c25 cm.
=336  \\$atext$2rdacontent
=337  \\$aunmediated$2rdamedia
=338  \\$avolume$2rdacarrier
=490  0\$aSCOPE ;$v71
=500  \\$aFormerly CIP.$5Uk
=500  \\$aIncludes index.
=540  \\$aCurrent Copyright Fee: GBP24.00$c0$5Uk
=650  \0$aSoils$xCarbon content.
=650  \0$aCarbon sequestration.
=650  \0$aSoil fertility.
=650  \0$aClimate change mitigation.
=700  1\$aNoellemeyer, Elke,$eeditor.
=700  1\$aMilne, Eleanor,$d1970-$eeditor.
=859  \\$aXLD$bdatasets
=852  41$aBritish Library$bDSC$j8205.860000
=852  11$aBritish Library$bSTI$k(B)$h578.757
=CAT  \\$aBATCH-CIPN$b00$c20141028$lBLL01$h1702
=CAT  \\$a11012$b40$c20150114$lBLL01$h1130
=CAT  \\$a6605$b40$c20150115$lBLL01$h1033
=CAT  \\$a10849$b40$c20150116$lBLL01$h0905
=CAT  \\$a9701$b40$c20150729$lBLL01$h0940
=CAT  \\$aBATCH-CLA$b00$c20150730$lBLL01$h0115
=CAT  \\$aBATCH-CLA$b00$c20150928$lBLL01$h1733
=CAT  \\$aIPL-CLA$c20150930$lBLL01$h1853
=CAT  \\$aBATCH-CORR$c20160706$lBLL01$h1110
=CAT  \\$aBATCH-CLA$b00$c20160707$lBLL01$h0111
=CAT  \\$aWR16_021$c20160715$lBLL01$h1823
=CAT  \\$aBATCH-CLA$b00$c20160716$lBLL01$h0116
=CAT  \\$aW1606-1753$c20171028$lBLL01$h1604
=CAT  \\$aBATCH-CLA$b00$c20171029$lBLL01$h0424
=CFI  0\$aCurrent Copyright Fee: GBP24.00$c0$e01-oct-2015$fGBP24.00$g0$hC$5Uk
=FIN  \\$aY$d20150115
=TCO  \\$aCLA$bCLA$c008
=LAS  \\$aBATCH-CLA$b00$c20171029$lBLL01$h0424

