=LDR  03784cas a2200877 i 4500
=001  016145286
=003  Uk
=005  20211231154527.0
=007  ta
=008  130425c20139999enktr\p\\\\\\\0\\\a0eng\c
=FMT  \\$a  SE
=010  \\$a2013262210
=022  0\$a2050-9928$202
=035  \\$a(OCoLC)840823841
=040  \\$aCGU$beng$cCGU$dCGU$dUk$erda
=042  \\$aukblsr$aissnuk
=082  04$a595.4$223
=222  \0$aArachnology$b(Print)
=245  00$aArachnology :$bthe journal of the British Arachnological Society.
=246  3\$aJournal of the British Arachnological Society
=264  \1$a[United Kingdom] :$b[British Arachnological Society],$c2013-
=300  \\$billustrations (black and white) ;$c30 cm
=310  \\$aThree times a year
=336  \\$atext$btxt$2rdacontent
=337  \\$aunmediated$bn$2rdamedia
=338  \\$avolume$bnc$2rdacarrier
=362  1\$aBegan with volume 16, part 1 (Spring 2013).
=515  \\$aThree issues are published each year, in Spring, Summer, and Autumn, and 3 years (9 issues) constitute a volume.
=588  \\$aDescription based on: Volume 16, part 1 (Spring 2013); title from cover.
=588  \\$aLatest issue consulted: Volume 16, part 1 (Spring 2013).
=540  \\$aCurrent Copyright Fee: GBP1.76$c0$5Uk
=650  \0$aArachnida$xSocieties, etc.$vPeriodicals.
=776  08$iAlso issued online as:$tArachnology$x2050-9936
=710  2\$aBritish Arachnological Society.
=780  00$tBulletin (British Arachnological Society)$x0524-4994
=859  \\$aXLD$bdatasets
=852  11$aBritish Library$bSTI$k(P)$h595.4$m-E(1)$3Vol. 16, no. 1 (2013)-
=852  41$aBritish Library$bDSC$j1583.504000$3Vol. 16, no. 1 (2013)-v. 16, no. 6 (2014)***UKRR Retained Title
=945  \\$aArachnology
=959  \\$fHeld but not currently received
=CAT  \\$a10973$b40$c20120810$lBLL01$h1042
=CAT  \\$a8483$b40$c20130430$lBLL01$h1114
=CAT  \\$a8483$b40$c20130430$lBLL01$h1116
=CAT  \\$a8483$b40$c20130430$lBLL01$h1118
=CAT  \\$a8483$b40$c20130430$lBLL01$h1215
=CAT  \\$a6004$b40$c20130509$lBLL01$h1426
=CAT  \\$aWR13.117$c20130718$lBLL01$h1857
=CAT  \\$a10973$b40$c20130917$lBLL01$h1548
=CAT  \\$a10973$b40$c20130917$lBLL01$h1549
=CAT  \\$aBATCH-CLA$b00$c20140228$lBLL01$h1612
=CAT  \\$aIPL-CLA$c20140331$lBLL01$h1641
=CAT  \\$aBATCH-CLA$b00$c20140530$lBLL01$h1707
=CAT  \\$aCDS15-UPD$b40$c20140630$lBLL01$h1055
=CAT  \\$aIPL-CLA$c20140630$lBLL01$h1756
=CAT  \\$aBATCH-CLA$b00$c20141128$lBLL01$h0930
=CAT  \\$aIPL-CLA$c20141231$lBLL01$h1703
=CAT  \\$aBATCH-CLA$b00$c20150227$lBLL01$h1631
=CAT  \\$aIPL-CLA$c20150331$lBLL01$h1720
=CAT  \\$aBATCH-CLA$b00$c20150828$lBLL01$h1541
=CAT  \\$aBATCH-UPD$b00$c20150828$lBLL01$h1653
=CAT  \\$aIPL-CLA$c20150930$lBLL01$h1845
=CAT  \\$aBATCH-CLA$b00$c20211203$lBLL01$h0815
=CAT  \\$aIPL-CLA$c20211231$lBLL01$h1545
=CFI  0\$aCurrent Copyright Fee: GBP1.76$c0$e01-jan-2022$fGBP1.76$g0$hC$5Uk
=CFI  2\$aPrevious Copyright Fee: GBP0.00$c0$e01-oct-2015$fGBP0.00$g0$hC$5Uk
=FIN  \\$aY$d20130430
=LET  \0$aArachnology (Print).
=LKR  \\$aPAR$b010191289$lBLL01$r78000$mArachnology (Print)$nBulletin - British Arachnological Society
=SID  \\$aZ39$bOCLC
=TOC  \\$aETOC
=ACF  \\$aPrevious Copyright Fee: GBP12.00$c0$e09-may-2013$fGBP12.00$g0$hC$5Uk
=ACF  \\$aPrevious Copyright Fee: GBP1.50$c0$e01-apr-2014$fGBP1.50$g0$hC$5Uk
=ACF  \\$aPrevious Copyright Fee: GBP1.45$c0$e01-jul-2014$fGBP1.45$g0$hC$5Uk
=ACF  \\$aPrevious Copyright Fee: GBP0.00$c0$e01-jan-2015$fGBP0.00$g0$hC$5Uk
=ACF  \\$aBritish Library not licensed to copy$c0$e01-apr-2015$hC$iCFP Excluded$5Uk
=LAS  \\$aIPL-CLA$b00$c20211231$lBLL01$h1545

